<marc:record xmlns:marc="http://www.loc.gov/MARC21/slim" xmlns:xsi="http://www.w3.org/2001/XMLSchema-instance" xsi:schemaLocation="http://www.loc.gov/MARC21/slim http://www.loc.gov/standards/marcxml/schema/MARC21slim.xsd">
  <marc:leader>     cam a2200229 a 4500</marc:leader>
  <marc:controlfield tag="001">002120593</marc:controlfield>
  <marc:controlfield tag="003">NNU</marc:controlfield>
  <marc:controlfield tag="005">19940727101330.0</marc:controlfield>
  <marc:controlfield tag="008">940727s1900    ua            000 0 ara d</marc:controlfield>
  <marc:datafield tag="035" ind1="9" ind2=" ">
    <marc:subfield code="a">NYUb11096576</marc:subfield>
  </marc:datafield>
  <marc:datafield tag="035" ind1=" " ind2=" ">
    <marc:subfield code="a">(CStRLIN)NYUG94-B3611</marc:subfield>
  </marc:datafield>
  <marc:datafield tag="040" ind1=" " ind2=" ">
    <marc:subfield code="a">NNU</marc:subfield>
    <marc:subfield code="c">NNU</marc:subfield>
  </marc:datafield>
  <marc:datafield tag="090" ind1=" " ind2=" ">
    <marc:subfield code="a">PJ6106</marc:subfield>
    <marc:subfield code="b">.A37 1900</marc:subfield>
    <marc:subfield code="i">07/27/94 T</marc:subfield>
    <marc:subfield code="h">01/25/94 CT</marc:subfield>
  </marc:datafield>
  <marc:datafield tag="100" ind1="0" ind2=" ">
    <marc:subfield code="a">Aḥmad ibn Hārūn.</marc:subfield>
  </marc:datafield>
  <marc:datafield tag="240" ind1="1" ind2="0">
    <marc:subfield code="a">Sharḥ al-lafẓ al-lāʼiq wa-al-maʻná al-rāʼiq fī al-alghāz al-lughawīyah</marc:subfield>
  </marc:datafield>
  <marc:datafield tag="245" ind1="1" ind2="0">
    <marc:subfield code="a">Kitāb sharḥ al-lafẓ al-lāʼiq wa-al-maʻná al-rāʼiq fī al-alghāz al-lughawīyah /</marc:subfield>
    <marc:subfield code="c">li-Abī Bakr Shihāb al-Dīn Aḥmad ibn Hārūn.</marc:subfield>
  </marc:datafield>
  <marc:datafield tag="260" ind1=" " ind2=" ">
    <marc:subfield code="a">Miṣr :</marc:subfield>
    <marc:subfield code="b">Maṭbaʻat al-Mawsūʻāt,</marc:subfield>
    <marc:subfield code="c">1900.</marc:subfield>
  </marc:datafield>
  <marc:datafield tag="300" ind1=" " ind2=" ">
    <marc:subfield code="a">64 p. ;</marc:subfield>
    <marc:subfield code="c">20 cm.</marc:subfield>
  </marc:datafield>
  <marc:datafield tag="650" ind1=" " ind2="0">
    <marc:subfield code="a">Arabic language</marc:subfield>
    <marc:subfield code="x">Grammar.</marc:subfield>
  </marc:datafield>
  <marc:datafield tag="740" ind1="0" ind2="1">
    <marc:subfield code="a">Sharḥ al-lafẓ al-lāʼiq wa-al-maʻná al-rāʼiq fī al-alghāz al-lughawīyah.</marc:subfield>
  </marc:datafield>
  <marc:datafield tag="950" ind1=" " ind2=" ">
    <marc:subfield code="l">BMAIN</marc:subfield>
    <marc:subfield code="h">01/25/94 C</marc:subfield>
  </marc:datafield>
  <marc:datafield tag="955" ind1=" " ind2=" ">
    <marc:subfield code="l">BMAIN</marc:subfield>
    <marc:subfield code="c">1</marc:subfield>
    <marc:subfield code="r">016994751</marc:subfield>
    <marc:subfield code="h">01/25/94 C</marc:subfield>
  </marc:datafield>
  <marc:datafield tag="998" ind1=" " ind2=" ">
    <marc:subfield code="a">07/27/94</marc:subfield>
    <marc:subfield code="t">c</marc:subfield>
    <marc:subfield code="s">9114</marc:subfield>
    <marc:subfield code="n">NNU</marc:subfield>
    <marc:subfield code="w">NYUG94B3611</marc:subfield>
    <marc:subfield code="d">01/25/94</marc:subfield>
    <marc:subfield code="c">MG</marc:subfield>
    <marc:subfield code="b">ZPJ</marc:subfield>
    <marc:subfield code="i">940727</marc:subfield>
    <marc:subfield code="h">940125</marc:subfield>
    <marc:subfield code="l">NYUG</marc:subfield>
  </marc:datafield>
</marc:record>
